
@book{geron2019hands,
	title={Hands-on machine learning with Scikit-Learn, Keras, and TensorFlow},
	author={G{\'e}ron, Aur{\'e}lien},
	year={2019},
	publisher={ O'Reilly Media, Inc.}
}

Arthur Samuel, tom Mitchell, Frank Rosenblatt en 1957 pagina 281

$$1958 y 1959 David Hubel y Torsten Wiesel pagina 432,

@article{hubel1959single,
	title={Single unit activity in striate cortex of unrestrained cats},
	author={Hubel, David H},
	journal={The Journal of physiology},
	volume={147},
	number={2},
	pages={226},
	year={1959},
	publisher={Wiley-Blackwell}
}

@article{hubel1959receptive,
	title={Receptive fields of single neurones in the cat's striate cortex},
	author={Hubel, David H and Wiesel, Torsten N},
	journal={The Journal of physiology},
	volume={148},
	number={3},
	pages={574},
	year={1959},
	publisher={Wiley-Blackwell}
}

$$$$ "Neocognitron".pag 433 

@article{fukushima1980neocognitron,
	title={Neocognitron: A self-organizing neural network model for a mechanism of pattern recognition unaffected by shift in position},
	author={Fukushima, Kunihiko},
	journal={Biological cybernetics},
	volume={36},
	number={4},
	pages={193--202},
	year={1980},
	publisher={Springer}
}


@book{haykin1998neural,
	title={Neural networks: a comprehensive foundation},
	author={Haykin,a and Simon,b},
	year={1998},
	publisher={Prentice Hall PTR}
}

@book{goodfellow2016deep,
	title={Deep learning},
	author={Goodfellow, Ian and Bengio, Yoshua and Courville, Aaron},
	year={2016},
	publisher={MIT press}
}

@book{rosenblatt1957perceptron,
	title={The perceptron, a perceiving and recognizing automaton Project Para},
	author={Rosenblatt, Frank},
	year={1957},
	publisher={Cornell Aeronautical Laboratory}
}

@misc{stuart2010artificial,
	title={Artificial Intelligence A Modern Approach Third Edition},
	author={Russell,Stuart and Norvig, Peter},
	year={2010},
	publisher={PEARSON}
}
Kurzweil, 1990


@inproceedings{prieto2020modelo,
	title={El modelo neuronal de McCulloch y Pitts: Interpretaci{\'o}n comparativa del modelo},
	author={Prieto, R and Herrera, A and P{\'e}rez, L and Padr{\'o}n, A},
	booktitle={Congreso Nacional de Instrumentaci{\'o}n},
	volume={1},
	number={1},
	pages={1--7},
	year={2020}
}

@article{mcculloch1943logical,
	title={A logical calculus of the ideas immanent in nervous activity},
	author={McCulloch, Warren S and Pitts, Walter},
	journal={The bulletin of mathematical biophysics},
	volume={5},
	pages={115--133},
	year={1943},
	publisher={Springer}
}

@article{aggarwal2018neural,
	title={Neural networks and deep learning},
	author={Aggarwal, Charu C},
	journal={Springer},
	volume={10},
	number={978},
	pages={3},
	year={2018},
	publisher={Springer}
}

@article{matich2001redes,
	title={Redes Neuronales: Conceptos b{\'a}sicos y aplicaciones},
	author={Matich, Dami{\'a}n Jorge},
	journal={Universidad Tecnol{\'o}gica Nacional, M{\'e}xico},
	volume={41},
	pages={12--16},
	year={2001}
}

@article{goldberg2016primer,
	title={A primer on neural network models for natural language processing},
	author={Goldberg, Yoav},
	journal={Journal of Artificial Intelligence Research},
	volume={57},
	pages={345--420},
	year={2016}
}


@article{lecun1998gradient,
	title={Gradient-based learning applied to document recognition},
	author={LeCun, Yann and Bottou, L{\'e}on and Bengio, Yoshua and Haffner, Patrick},
	journal={Proceedings of the IEEE},
	volume={86},
	number={11},
	pages={2278--2324},
	year={1998},
	publisher={Ieee}
}

@article{krizhevsky2012imagenet,
	title={Imagenet classification with deep convolutional neural networks},
	author={Krizhevsky, Alex and Sutskever, Ilya and Hinton, Geoffrey E},
	journal={Advances in neural information processing systems},
	volume={25},
	year={2012}
}

@article{lao2017procedimiento,
	title={Procedimiento para el pron{\'o}stico de la demanda mediante redesneuronales artificiales},
	author={Lao, -Le{\'o}n and Rivas,M and P{\'e}rez, Milagros Caridad and Marrero, Fernando},
	journal={Ciencias Holgu{\'\i}n},
	volume={23},
	number={1},
	pages={43--59},
	year={2017}
}

@book{vajjala2020practical,
	title={Practical natural language processing: A comprehensive guide to building real-world NLP systems},
	author={Vajjala, Sowmya and Majumder, Bodhisattwa and Gupta, Anuj and Surana, Harshit},
	year={2020},
	publisher={O'Reilly Media}
}

@article{weizenbaum1966eliza,
	title={ELIZA—a computer program for the study of natural language communication between man and machine},
	author={Weizenbaum, Joseph},
	journal={Communications of the ACM},
	volume={9},
	number={1},
	pages={36--45},
	year={1966},
	publisher={ACM New York, NY, USA}
}

@book{turing2009computing,
	title={Computing machinery and intelligence},
	author={Turing, Alan M},
	year={2009},
	publisher={Springer}
}

@article{chomsky1970remarks,
	title={Remarks on nominalization},
	author={Chomsky, Noam and Jacobs, Roderick A and Rosenbaum, Peter S},
	journal={1970},
	volume={184},
	pages={221},
	year={1970}
}
@article{weizenbaum1976computer,
	title={Computer power and human reason: From judgment to calculation.},
	author={Weizenbaum, Joseph},
	year={1976},
	publisher={WH Freeman \& Co}
}

@article{eisenstein2018natural,
	title={Natural language processing},
	author={Eisenstein, Jacob},
	journal={Online verf{\"u}gbar unter https://princeton-nlp. github. io/cos484/readings/eisenstein-nlp-notes. pdf, zuletzt gepr{\"u}ft am},
	volume={14},
	pages={2022},
	year={2018}
}

@article{mikolov2013efficient,
	title={Efficient estimation of word representations in vector space},
	author={Mikolov, Tomas and Chen, Kai and Corrado, Greg and Dean, Jeffrey},
	journal={arXiv preprint arXiv:1301.3781},
	year={2013}
}


@book{o2020offensive,
	title={Offensive language: Taboo, offence and social control},
	author={O’Driscoll, Jim},
	year={2020},
	publisher={Bloomsbury Publishing}
}

@article{avila2016treatment,
	title={The treatment of offensive and taboo language in the subtitling of" Reservoir Dogs" into Spanish},
	author={{\'A}vila-Cabrera, Jos{\'e} Javier},
	year={2016},
	publisher={Universidad de Malaga, Departamento de Traducci{\'o}n e Interpretaci{\'o}n}
}

@article{diputados2023ley,
	title={Proyecto de ley que regula y sanciona el uso indebido de las redes sociales en todo el territorio del estado plurinacional de Bolivia},
	author={ Camara de Diputados Estado Plurinacional de Bolivia, Congreso},
	journal={La Paz Estado Plurinacional de Bolivia, https://diputados.gob.bo/wp-content/uploads/2023/03/PL-304-2022-2023.pdf},
	year={2023},
	publisher={Camara de Diputados del Estado Plurinacional de Bolivia ALP/CD/BTMAS/IPSP/JJHM.N 002/2022-2023}
}

@phdthesis{prado2004analisis,
	title={An{\'a}lisis pragm{\'a}tico de los enunciados ofensivos},
	author={Prado , Ana Maria and Ocampo , Teresa Tutor},
	year={2004},
	school={Universidad Mayor de San Andr{\'e}s. Facultad de Humanidades y Ciencias de la educacion}
	
}

@book{dascal1999pragmatica,
	title =     {Filosofía del lenguaje II. Prágmática},
	author =    {Dascal , Marcelo},
	publisher = {Trotta},
	isbn =      {978-84-8164-333-6},
	year =      {1999},
	series =    {Enciclopedia Iberoamericana de Filosofía 18},
	edition =   {},
}

@misc{rae2023Online,
	author = {Real Academia Española, Diccionario},
	title = {Diccionario de la Real Academia española},
	year = {2023},
	howpublished = "\url{https://dle.rae.es}",
	note = {Accedido 12-12-2023}
}


